%% 日本語論文のbibitemには必ず「langid = {japanese},」を追加すること！！そうでないと上記のand排除が適用されません．

@inproceedings{GMR89,
  author    = {Goldwasser, Shafi and Micali, Silvio and Rackoff, Charles},
  title     = {The Knowledge Complexity of Interactive Proof Systems},
  year      = {1989},
  publisher = {SIAM Journal on Computing},
  pages     = {186-208},
  volume    = {18}
}

@inproceedings{Gro16,
  author    = {Groth, Jens},
  title     = {On the Size of Pairing-Based Non-interactive Arguments},
  booktitle = {Advances in Cryptology -- EUROCRYPT 2016},
  year      = {2016},
  publisher = {Springer Berlin Heidelberg},
  pages     = {305--326}
}